<?xml version="1.0" encoding="UTF-8"?><collection xmlns="http://www.loc.gov/MARC21/slim"><record><leader>00444nam--2200145-i-4500</leader><controlfield tag="001">000013127</controlfield><controlfield tag="002">20161230</controlfield><controlfield tag="005">20161230201030</controlfield><controlfield tag="008">060222s1000------------r-----000-0-eng-d</controlfield><datafield ind1=" " ind2=" " tag="080"><subfield code="a">57.016.2(066.3)</subfield></datafield><datafield ind1=" " ind2=" " tag="245"><subfield code="a">Biological activity and chemical structure. proceedings...</subfield></datafield><datafield ind1=" " ind2=" " tag="260"><subfield code="a">Amsterdam, Elsevier Scientific Publishing Comp Any, 1977. X + 314 P</subfield></datafield><datafield ind1=" " ind2=" " tag="490"><subfield code="a">Pharmaco-chemistry Library</subfield></datafield><datafield ind1=" " ind2=" " tag="700"><subfield code="a">Buisman, Keverling J.A</subfield></datafield><datafield ind1=" " ind2=" " tag="852"><subfield code="a">47253</subfield></datafield></record></collection>